<record><leader>00000cas a2200000 a 4500</leader><controlfield tag="001">12686073</controlfield><controlfield tag="008">851017d19381939ksuwr ne      0    0eng d</controlfield><datafield ind1=" " ind2=" " tag="010"><subfield code="a">sn 85032790 </subfield></datafield><datafield ind1=" " ind2=" " tag="040"><subfield code="a">KSH</subfield><subfield code="b">eng</subfield><subfield code="c">KSH</subfield><subfield code="d">NPT</subfield><subfield code="d">OCL</subfield><subfield code="d">OCLCQ</subfield></datafield><datafield ind1=" " ind2=" " tag="042"><subfield code="a">msc</subfield></datafield><datafield ind1="0" ind2=" " tag="130"><subfield code="a">South Haven new era (South Haven, Kan. : 1938)</subfield></datafield><datafield ind1="1" ind2="0" tag="245"><subfield code="a">South Haven new era.</subfield></datafield><datafield ind1=" " ind2=" " tag="260"><subfield code="a">South Haven, Kan. :</subfield><subfield code="b">Joe K. Harding,</subfield><subfield code="c">1938-1939.</subfield></datafield><datafield ind1=" " ind2=" " tag="300"><subfield code="a">1 v. :</subfield><subfield code="b">ill.</subfield></datafield><datafield ind1=" " ind2=" " tag="310"><subfield code="a">Weekly</subfield></datafield><datafield ind1="0" ind2=" " tag="362"><subfield code="a">Vol. 53, no. 26 (Aug. 11, 1938)-v. 54, no. 13 (May 11, 1939).</subfield></datafield><datafield ind1=" " ind2=" " tag="500"><subfield code="a">Published by: Mrs. A.V. Wilkinson, Dec. 1, 1938-Feb. 2, 1939; Geo. A. Schriver &amp; Nora Y. Schriver, Feb. 9-May 11, 1939.</subfield></datafield><datafield ind1=" " ind2=" " tag="752"><subfield code="a">United States</subfield><subfield code="b">Kansas</subfield><subfield code="c">Sumner</subfield><subfield code="d">South Haven.</subfield></datafield><datafield ind1="0" ind2="0" tag="780"><subfield code="t">South Haven new era, the Geuda Springs news</subfield><subfield code="w">(DLC)sn 85032789</subfield></datafield><datafield ind1="0" ind2="0" tag="785"><subfield code="t">New era (South Haven, Kan.)</subfield><subfield code="w">(DLC)sn 85032791</subfield></datafield><datafield ind1="1" ind2=" " tag="029"><subfield code="a">AU@</subfield><subfield code="b">000022167079</subfield></datafield></record>